@article{einstein,
  author = {Albert Einstein},
  journal = {Annalen der Physik},
  number = {18},
  journal_abbr = {Ann. Phys.},
  title = {Zur Elektrodynamik bewegter KÃ¶rper},
  volume = {322},
  year = {1905},
  pages = {891--921},
  doi =
  {http://dx.doi.org/10.1002/andp.19053221004},
}